% This file was created with JabRef 2.10.
% Encoding: UTF-8


@Article{malbouisson-2005,
  Title                    = {{GSA algorithm applied to electronic structure: Hartree–Fock–GSA method}},
  Author                   = {M. D. de Andrade and K. C. Mundim and L. A. C. Malbouisson},
  Journal                  = {Int. J. Quantum Chem.},
  Year                     = {2005},
  Pages                    = {493},
  Volume                   = {103},

  Owner                    = {ht375},
  Timestamp                = {2017.03.17}
}

@Article{gill-2014,
  Title                    = {{Communication: Hartree-Fock description of excited states of H$_2$}},
  Author                   = {Giuseppe M. J. Barca and Andrew T. B. Gilbert and Peter M. W. Gill},
  Journal                  = {J. Chem. Phys.},
  Year                     = {2014},
  Pages                    = {111104},
  Volume                   = {141},

  Owner                    = {ht375},
  Timestamp                = {2017.03.21}
}

@Article{cc,
  Title                    = {{Many-Body Perturbation Theory and Coupled Cluster Theory for Electron Correlation in Molecules}},
  Author                   = {R. J. Bartlett},
  Journal                  = {Ann. Rev. Phys. Chem.},
  Year                     = {1981},
  Pages                    = {359--401},
  Volume                   = {32},

  Owner                    = {ht375},
  Timestamp                = {2017.02.09}
}

@Article{bartlett-2007,
  Title                    = {{Coupled-Cluster Theory in Quantum Chemistry}},
  Author                   = {R. J. Bartlett and M. Musial},
  Journal                  = {Rev. Mod. Phys.},
  Year                     = {2007},
  Pages                    = {291},
  Volume                   = {79},

  Owner                    = {ht375},
  Timestamp                = {2017.02.09}
}

@Article{evangelisti-1993,
  Title                    = {A vector and parallel full configuration interaction algorithm},
  Author                   = {G. L. Bendazzoli and S. Evangelisti},
  Journal                  = {J. Chem. Phys.},
  Year                     = {1993},
  Pages                    = {3141},
  Volume                   = {98},

  Owner                    = {ht375},
  Timestamp                = {2017.02.09}
}

@Article{gill-2009,
  Title                    = {Self-consistent-field calculations of core excited states},
  Author                   = {Nicholas A. Besley and Andrew T. B. Gilbert and Peter M. W. Gill},
  Journal                  = {J. Chem. Phys.},
  Year                     = {2009},
  Pages                    = {124308},
  Volume                   = {130},

  Owner                    = {ht375},
  Timestamp                = {2017.03.21}
}

@Article{bo,
  Title                    = {{On the Quantum Theory of Molecules}},
  Author                   = {M. Born and J. R. Oppenheimer},
  Journal                  = {Annalen der Physik},
  Year                     = {1927},
  Pages                    = {457--484},
  Volume                   = {389},

  Owner                    = {ht375},
  Timestamp                = {2017.02.09}
}

@Article{gto,
  Title                    = {{Electronic Wave Functions. I. A General Method of Calculation for the Stationary State of Any Molecular System}},
  Author                   = {S. F. Boys},
  Journal                  = {Proc. Roy. Soc. A},
  Year                     = {1950},
  Pages                    = {542},
  Volume                   = {200},

  Owner                    = {ht375},
  Timestamp                = {2017.02.09}
}

@Article{brett-1972,
  Title                    = {Excited state wave functions},
  Author                   = {A. C. Brett and T. W. Dingle},
  Journal                  = {Theoret. Chim. Acta. (Berl.)},
  Year                     = {1972},
  Pages                    = {111-116},
  Volume                   = {24},

  Owner                    = {ht375},
  Timestamp                = {2017.03.08}
}

@Article{thom-2016,
  Title                    = {{Holomorphic Hartree–Fock Theory: An Inherently Multireference Approach}},
  Author                   = {Hugh G. A. Burton and Alex J. W. Thom},
  Journal                  = {J. Chem. Theory Comput.},
  Year                     = {2016},
  Pages                    = {167},
  Volume                   = {12},

  Owner                    = {ht375},
  Timestamp                = {2017.03.17}
}

@Article{besley-2013,
  Title                    = {{The role of Hartree–Fock exchange in the simulation of X-ray absorption spectra: A study of photoexcited [Fe(bpy)$_3$]$^{2+}$}},
  Author                   = {G. Capano and T. J. Penfold and N. A. N. A. Besley. J. Milne and M. Reinhard and H. Rittmann-Frank and P. Glatzel and R. Abela and U. Rothlisberger and M. Chergui and I. Tavernelli},
  Journal                  = {Chem. Phys. Lett.},
  Year                     = {2013},
  Pages                    = {179-184},
  Volume                   = {580},

  Owner                    = {ht375},
  Timestamp                = {2017.03.21}
}

@Article{condon,
  Title                    = {{The Theory of Complex Spectra}},
  Author                   = {E. U. Condon},
  Journal                  = {Phys.},
  Year                     = {1930},
  Pages                    = {1121},
  Volume                   = {36},

  Owner                    = {ht375},
  Timestamp                = {2017.02.09}
}

@Article{es-ex2,
  Title                    = {Engineering metal organic frameworks for heterogeneous catalysis},
  Author                   = {A. Corma and H. Garcia and F. X. Llabres i Xamena},
  Journal                  = {Chem. Rev.},
  Year                     = {2012},
  Pages                    = {4606-4655},
  Volume                   = {110},

  Owner                    = {ht375},
  Timestamp                = {2017.03.09}
}

@Article{coulson-fischer,
  Title                    = {Notes on the Molecular Orbital Treatment of the Hydrogen Molecule},
  Author                   = {C. A. Coulson and I. Fischer},
  Journal                  = {Philos. Mag.},
  Year                     = {1949},
  Pages                    = {386},
  Volume                   = {40},

  Owner                    = {ht375},
  Timestamp                = {2017.03.21}
}

@Article{scuseria-2013,
  Title                    = {Proper and improper zero energy modes in Hartree-Fock theory and their relevance for symmetry breaking and restoration},
  Author                   = {Yao Cui and Ireneusz W. Bulik and Carlos A. Jimenez-Hoyos and Thomas M. Henderson and Gustavo E. Scuseria},
  Journal                  = {J. Chem. Phys.},
  Year                     = {2013},
  Pages                    = {154107},
  Volume                   = {139},

  Owner                    = {ht375},
  Timestamp                = {2017.03.21}
}

@Article{davidson,
  Title                    = {{The Iterative Calculation of a Few of the Lowest Eigenvalues and Corresponding Eigenvectors of Large Real Symmetric Matrices}},
  Author                   = {E. R. Davidson},
  Journal                  = {J. Comp. Phys.},
  Year                     = {1975},
  Pages                    = {87--94},
  Volume                   = {17},

  Owner                    = {ht375},
  Timestamp                = {2017.02.09}
}

@Article{es-ex4,
  Title                    = {On the singlet-triplet splitting of geminate electron hole pairs in organic semiconductors},
  Author                   = {S. Difley and D. Beljonne and T. Van Voorhis},
  Journal                  = {J. Am. Chem. Soc.},
  Year                     = {2008},
  Pages                    = {3420-3427},
  Volume                   = {130},

  Owner                    = {ht375},
  Timestamp                = {2017.03.09}
}

@Article{dunning,
  Title                    = {{Gaussian Basis Functions for Use in Molecular Calculations. I. Contraction of (9s5p) Atomic Basis Sets for the FIrst-Row Atoms}},
  Author                   = {T. H. {Dunning Jr.}},
  Journal                  = {J. Chem. Phys.},
  Year                     = {1970},
  Pages                    = {2823},
  Volume                   = {53},

  Owner                    = {ht375},
  Timestamp                = {2017.02.16}
}

@Article{besley-2011,
  Title                    = {Theoretical calculations of the excited state potential energy surfaces of nitric oxide},
  Author                   = {Olga V. Ershova and Nicholas A. Besley},
  Journal                  = {Chem. Phys. Lett.},
  Year                     = {2011},

  Owner                    = {ht375},
  Timestamp                = {2017.03.21}
}

@Article{bendazzoli-1995,
  Title                    = {{Benchmark Full Configuration Interaction Claculations on N$_2$}},
  Author                   = {S. Evangelisti and G. L. Bendazzoli},
  Journal                  = {Il Nuovo Cimento D},
  Year                     = {1995},
  Pages                    = {289},
  Volume                   = {17},

  Owner                    = {ht375},
  Timestamp                = {2017.02.09}
}

@Article{fock,
  Title                    = {{N\"{a}herungsmethode zur L\"{o}sung des quantenmechanischen Mehrk\"{o}rperproblems}},
  Author                   = {V. Z. Fock},
  Journal                  = {Zeitschrift für Physik},
  Year                     = {1930},
  Number                   = {1},
  Pages                    = {126--148},
  Volume                   = {61},

  Owner                    = {ht375},
  Timestamp                = {2017.02.09}
}

@Article{boys-1960,
  Title                    = {{Quantum Variational Calculations for a Range of CH$_2$ Configurations}},
  Author                   = {J. M. Foster and S. F. Boys},
  Journal                  = {Rev. Mod. Phys.},
  Year                     = {1960},
  Pages                    = {305},
  Volume                   = {32},

  Owner                    = {ht375},
  Timestamp                = {2017.02.09}
}

@Article{qr,
  Title                    = {{The QR Transformation, I}},
  Author                   = {J G F Francis},
  Journal                  = {Comp. J.},
  Year                     = {1961},
  Pages                    = {265--271},
  Volume                   = {4},

  Owner                    = {ht375},
  Timestamp                = {2017.02.10}
}

@Article{fukutome-1971,
  Title                    = {{Theory of the Unrestricted Hartree-Fock Equation and Its Solutions. I}},
  Author                   = {H. Fukutome},
  Journal                  = {Prog. Theor. Phys.},
  Year                     = {1971},
  Pages                    = {1382},
  Volume                   = {45},

  Owner                    = {ht375},
  Timestamp                = {2017.03.17}
}

@Article{gavnholt-2008,
  Title                    = {{Delta Self-Consistent Field as a method to obtain potential energy surfaces of excited molecules on surfaces}},
  Author                   = {J. Gavnholt and T. Olsen and M. Engelund and J. Schiotz},
  Journal                  = {Phys. Rev. B},
  Year                     = {2008},
  Pages                    = {075441},
  Volume                   = {78},

  Owner                    = {ht375},
  Timestamp                = {2017.03.08}
}

@Article{mom,
  Title                    = {{Self-Consistent Field Calculations of Excited States Using the Maximum Overlap Method (MOM)}},
  Author                   = {A. T. B. Gilbert and N. A. Besley and P. M. W. Gill},
  Journal                  = {J. Phys. Chem.},
  Year                     = {2008},
  Pages                    = {13164-13171},
  Volume                   = {112},

  Owner                    = {ht375},
  Timestamp                = {2017.03.08}
}

@Misc{eigen,
  Title                    = {Eigen v3},

  Author                   = {Ga\"{e}l Guennebaud and Beno\"{i}t Jacob and others},
  HowPublished             = {http://eigen.tuxfamily.org},
  Year                     = {2010},

  Owner                    = {ht375},
  Timestamp                = {2017.02.10}
}

@Article{gunnarsson-1977,
  Title                    = {{Exchange and correlation in atoms, molecules, and solids by the spin-density-functional formalism}},
  Author                   = {O. Gunnarsson and B. I. Lundqvist},
  Journal                  = {Phys. Rev. B.},
  Year                     = {1977},
  Pages                    = {4274},
  Volume                   = {13},

  Owner                    = {ht375},
  Timestamp                = {2017.03.08}
}

@Article{werner-1992,
  Title                    = {{A Comparison of the Efficiency and Accuracy of the Quadratic Configuration Interaction (QCISD), Coupled Cluster (CCSD), Brueckner Coupled Cluster (BCCD) Methods}},
  Author                   = {C. Hampel and K. A. Peterson and H.-J. Werner},
  Journal                  = {Chem. Phys. Lett.},
  Year                     = {1992},
  Pages                    = {1},
  Volume                   = {190},

  Owner                    = {ht375},
  Timestamp                = {2017.02.09}
}

@Article{bhbasis,
  Title                    = {The influence of polarization functions on molecular orbital hydrogenation energies},
  Author                   = {P. C. Hariharan and J. A. Pople},
  Journal                  = {Theoret. Chim. Acta.},
  Year                     = {1973},
  Pages                    = {213-222},
  Volume                   = {28},

  Owner                    = {ht375},
  Timestamp                = {2017.03.27}
}

@Article{handy-1983,
  Title                    = {{Full CI Calculations on BH, H$_2$O, NH$_3$, and HF}},
  Author                   = {R. J. Harrison and N. C. Handy},
  Journal                  = {Chem. Phys. Lett.},
  Year                     = {1983},
  Pages                    = {386},
  Volume                   = {95},

  Owner                    = {ht375},
  Timestamp                = {2017.02.10}
}

@Article{hartree,
  Title                    = {{The Wave Mechanics of an Atom with a Non-Coulomb Central Field. Part I. Theory and Methods.}},
  Author                   = {D. R. Hartree},
  Journal                  = {Proc. Cambridge Phil. Soc.},
  Year                     = {1928},
  Number                   = {1},
  Pages                    = {89--110},
  Volume                   = {24},

  Owner                    = {ht375},
  Timestamp                = {2017.02.09}
}

@Article{thom-2014,
  Title                    = {{Holomorphic Hartree–Fock Theory and Configuration Interaction}},
  Author                   = {H. G. Hiscock and Alex J. W. Thom},
  Journal                  = {J. Chem. Theory Comput.},
  Year                     = {2014},
  Pages                    = {4795},
  Volume                   = {10},

  Owner                    = {ht375},
  Timestamp                = {2017.03.17}
}

@Article{dft1,
  Title                    = {{Inhomogeneous Electron Gas}},
  Author                   = {P. Hohenberg and W. Kohn},
  Journal                  = {Phys. Rev.},
  Year                     = {1964},
  Pages                    = {B864},
  Volume                   = {136},

  Owner                    = {ht375},
  Timestamp                = {2017.03.08}
}

@Article{h4basis,
  Title                    = {{Applicability of coupled-pair theories to quasidegenerate electronic states: A model study}},
  Author                   = {K. Jankowski and J. Paldus},
  Journal                  = {Int. J. Quantum Chem.},
  Year                     = {1980},
  Pages                    = {1243},
  Volume                   = {17},

  Owner                    = {ht375},
  Timestamp                = {2017.03.17}
}

@Article{scuseria-2011,
  Title                    = {{Generalized Hartree–Fock Description of Molecular Dissociation}},
  Author                   = {C. A. Jimenez-Hoyos and Thomas M. Henderson and Gustavo E. Scuseria},
  Journal                  = {J. Chem. Theory Comput.},
  Year                     = {2011},
  Pages                    = {2667-2674},
  Volume                   = {7},

  Owner                    = {ht375},
  Timestamp                = {2017.03.21}
}

@Article{es-ex1,
  Title                    = {Biomimetic molecular water splitting catalysts for hydrogen generation},
  Author                   = {K. S. Joya and H. J. M. Groot},
  Journal                  = {Int. J. Hydrogen Energy},
  Year                     = {2012},
  Pages                    = {8787-8799},
  Volume                   = {37},

  Owner                    = {ht375},
  Timestamp                = {2017.03.09}
}

@Article{cdft,
  Title                    = {{Constrained Density Functional Theory}},
  Author                   = {Benjamin Kaduk and Tim Kowalczyk and Troy Van Voorhis},
  Journal                  = {Chem. Rev.},
  Year                     = {2012},
  Pages                    = {321-370},
  Volume                   = {112},

  Owner                    = {ht375},
  Timestamp                = {2017.03.08}
}

@Article{shavitt-1974,
  Title                    = {Theoretical study of curve crossing: ab initio calculations on the four lowest $^1\Sigma_+$ states of LiF},
  Author                   = {L. R. Kahn and P. J. Hay and I. Shavitt},
  Journal                  = {J. Chem. Phys.},
  Year                     = {1974},
  Pages                    = {3530},
  Volume                   = {61},

  Owner                    = {ht375},
  Timestamp                = {2017.02.09}
}

@Article{handy-1988,
  Title                    = {{A Determinant Based Full Configuration Interaction Program}},
  Author                   = {P. J. Knowles and N. C. Handy},
  Journal                  = {Comp. Phys. Comm.},
  Year                     = {1988},
  Pages                    = {75--83},
  Volume                   = {54},

  Owner                    = {ht375},
  Timestamp                = {2017.02.09}
}

@Article{handy-1984,
  Title                    = {{A New Determinant-Based Full Configuration Interaction Method}},
  Author                   = {P. J. Knowles and N. C. Handy},
  Journal                  = {Chem. Phys. Lett.},
  Year                     = {1984},
  Pages                    = {315},
  Volume                   = {111},

  Owner                    = {ht375},
  Timestamp                = {2017.02.09}
}

@Article{dft2,
  Title                    = {{Self-Consistent Equations Including Exchange and Correlation Effects}},
  Author                   = {W. Kohn and L. Sham},
  Journal                  = {Phys. Rev.},
  Year                     = {1965},
  Pages                    = {A1133},
  Volume                   = {140},

  Owner                    = {ht375},
  Timestamp                = {2017.03.08}
}

@Article{es-ex3,
  Title                    = {Fluorescence quenching by photoinduced electron transfer in the {Zn$^{2+}$} sensor zinpyr-1: A computational investigation},
  Author                   = {T. Kowalczyk and Z. Lin and T. Van Voorhis},
  Journal                  = {J. Phys. Chem.},
  Year                     = {2012},
  Pages                    = {10427-10434},
  Volume                   = {114},

  Owner                    = {ht375},
  Timestamp                = {2017.03.09}
}

@Article{parrinello-2002,
  Title                    = {Escaping free-energy minima},
  Author                   = {A. Laio and M. Parrinello},
  Journal                  = {Proc. Natl. Acad. Sci.},
  Year                     = {2002},
  Pages                    = {12562},
  Volume                   = {99},

  Owner                    = {ht375},
  Timestamp                = {2017.03.17}
}

@Article{lanczos,
  Title                    = {{An Iteration Method for the Solution of the Eigenvalue Problem of Linear Differential and Integral Operators}},
  Author                   = {C. Lanczos},
  Journal                  = {J. Res. Nat'l Bur. Std.},
  Year                     = {1950},
  Pages                    = {255--282},
  Volume                   = {45},

  Owner                    = {ht375},
  Timestamp                = {2017.02.09}
}

@Article{es-ex5,
  Title                    = {Structural variability and dynamics of the {P3HT/PCBM} interface and its effects on the electronic structure and the charge-transfer rates in solar cells},
  Author                   = {A. T. T. Liu and D. L. Cheung},
  Journal                  = {Phys. Chem. Chem. Phys.},
  Year                     = {2011},
  Pages                    = {21461-21470},
  Volume                   = {13},

  Owner                    = {ht375},
  Timestamp                = {2017.03.09}
}

@Article{liu,
  Title                    = {{The Simultaneous Expansion Method for the Iterative Solution of Several of the Lowest-Lying Eigenvalues and Corresponding Eigenvectors of Large Real-Symmetric Matrices}},
  Author                   = {B. Liu},
  Journal                  = {Numerical Algorithms in Chemistry: Algebraic Methods, Technical Report LBL-8158},
  Year                     = {1978},
  Pages                    = {49--53},

  Owner                    = {ht375},
  Timestamp                = {2017.02.09}
}

@Article{lowdin,
  Title                    = {{Quantum Theory of Many-Particle Systems. I. Physical Interpretations}},
  Author                   = {P. O. Lowdin},
  Journal                  = {Phys. Rev.},
  Year                     = {1955},
  Pages                    = {1474},
  Volume                   = {97},

  Owner                    = {ht375},
  Timestamp                = {2017.02.09}
}

@Article{ras,
  Title                    = {{The Restricted Active Space Self-Consistent-Field Method, Implemented with a Split Unitary Group Approach}},
  Author                   = {P. A. Malmqvist and A. Rendell and B. O. Roos},
  Journal                  = {J. Phys. Chem.},
  Year                     = {1990},
  Pages                    = {5477--5482},
  Volume                   = {94},

  Owner                    = {ht375},
  Timestamp                = {2017.02.09}
}

@Article{messmer-1969,
  Title                    = {On a variational method for determining excited state wave functions},
  Author                   = {R. P. Messmer},
  Journal                  = {Theoret. Chim. Acta. (Berl.)},
  Year                     = {1969},
  Pages                    = {319},
  Volume                   = {14},

  Owner                    = {ht375},
  Timestamp                = {2017.03.08}
}

@Article{murakhtanov-1982,
  Title                    = {Calculations of highly excited states using the square of the Hamiltonian},
  Author                   = {V. V. Murakhtanov and L. N. Mazalov and T. I. Guzhavina},
  Journal                  = {J. Struct. Chem.},
  Year                     = {1982},
  Pages                    = {189-193},
  Volume                   = {23},

  Owner                    = {ht375},
  Timestamp                = {2017.03.08}
}

@Article{nesbet-1955,
  Title                    = {{Excited Electronic States of 1, 3-butadiene}},
  Author                   = {R. K. Nesbet},
  Journal                  = {Proc. R. Soc. Lond.},
  Year                     = {1955},
  Pages                    = {312},
  Volume                   = {230},

  Owner                    = {ht375},
  Timestamp                = {2017.02.09}
}

@Article{olsen,
  Title                    = {{Determinant Based Configuration Interaction Algorithms for Complete and Restricted Configuration Interaction Spaces}},
  Author                   = {J. Olsen and B. O. Roos and P. J\"{o}rgensen and H. J\"{o}gen},
  Journal                  = {J. Chem. Phys.},
  Year                     = {1988},
  Volume                   = {89},

  Owner                    = {ht375},
  Timestamp                = {2017.02.09}
}

@Article{paldus-1974,
  Title                    = {{Group Theoretical Approach to the Configuration Interaction and Perturbation Theory Calculations of Atomic and Molecular Systems}},
  Author                   = {J. Paldus},
  Journal                  = {J. Chem. Phys.},
  Year                     = {1974},
  Pages                    = {5321--5330},
  Volume                   = {61},

  Owner                    = {ht375},
  Timestamp                = {2017.02.09}
}

@Article{qci,
  Title                    = {{Quadratic Configuration Interaction. A General Technique for Determining Electron Correlation Energies}},
  Author                   = {J. A. Pople and M. Head-Gordon},
  Journal                  = {J. Chem. Phys.},
  Year                     = {1987},
  Pages                    = {5968},
  Volume                   = {87},

  Owner                    = {ht375},
  Timestamp                = {2017.02.09}
}

@Article{diis,
  Title                    = {{Convergence acceleration of iterative sequences. The case of SCF iteration.}},
  Author                   = {P. Pulay},
  Journal                  = {Chem. Phys. Lett.},
  Year                     = {1980},
  Pages                    = {393-398},
  Volume                   = {73},

  Owner                    = {ht375},
  Timestamp                = {2017.03.17}
}

@Article{cas,
  Title                    = {{A Complete Active Space SCF Method (CASSCF) Using a Density Matrix Formulated Super-CI Approach}},
  Author                   = {B. O. Roos and P. R. Taylor and P. E. M. Siegbahn},
  Journal                  = {Chem. Phys.},
  Year                     = {1980},
  Pages                    = {157--173},
  Volume                   = {48},

  Owner                    = {ht375},
  Timestamp                = {2017.02.09}
}

@Article{scf,
  Title                    = {{Self-Consistent Field Theory for Open Shells of Electronic Systems}},
  Author                   = {C. C. J. Roothaan},
  Journal                  = {Rev. Mod. Phys.},
  Year                     = {1960},
  Pages                    = {179},
  Volume                   = {32},

  Owner                    = {ht375},
  Timestamp                = {2017.03.08}
}

@Article{roothaan,
  Title                    = {{New Developments in Molecular Orbital Theory}},
  Author                   = {C. C. J. Roothaan},
  Journal                  = {Rev. Mod. Phys.},
  Year                     = {1951},
  Pages                    = {69--89},
  Volume                   = {23},

  Owner                    = {ht375},
  Timestamp                = {2017.02.10}
}

@Article{qchem,
  Title                    = {{Advances in molecular quantum chemistry contained in the Q-Chem 4 program package}},
  Author                   = {Y. Shao and others},
  Journal                  = {Mol. Phys.},
  Year                     = {2015},
  Pages                    = {184--215},
  Volume                   = {113},

  Owner                    = {ht375},
  Timestamp                = {2017.02.10}
}

@Article{shavitt,
  Title                    = {{The history and evoluton of configuration interaction}},
  Author                   = {I. Shavitt},
  Journal                  = {Mol. Phys.},
  Year                     = {1998},
  Number                   = {1},
  Pages                    = {3--17},
  Volume                   = {94},

  Owner                    = {ht375},
  Timestamp                = {2017.02.09}
}

@Article{sto,
  Title                    = {{Atomic Shielding Constants}},
  Author                   = {J. C. Slater},
  Journal                  = {Phys. Rev.},
  Year                     = {1930},
  Pages                    = {57},
  Volume                   = {36},

  Owner                    = {ht375},
  Timestamp                = {2017.02.09}
}

@Article{slater,
  Title                    = {{The Theory of Complex Spectra}},
  Author                   = {J. C. Slater},
  Journal                  = {Phys. Rev.},
  Year                     = {1929},
  Pages                    = {1293},
  Volume                   = {34},

  Owner                    = {ht375},
  Timestamp                = {2017.02.09}
}

@Article{eomcc,
  Title                    = {The equation of motion coupled-cluster method. A systematic biorthogonal approach to molecular excitation energies, transition probabilities and excited state properties},
  Author                   = {J. F. Stanton and R. J. Bartlett},
  Journal                  = {J. Chem. Phys.},
  Year                     = {1993},
  Pages                    = {7029},
  Volume                   = {98},

  Owner                    = {ht375},
  Timestamp                = {2017.03.09}
}

@Article{sundstrom-2014,
  Title                    = {Non-orthogonal configuration interaction for the calculation of multielectron excited states},
  Author                   = {Eric J. Sundstrom and Martin Head-Gordon},
  Journal                  = {J. Chem. Phys.},
  Year                     = {2014},
  Pages                    = {114103},
  Volume                   = {140},

  Owner                    = {ht375},
  Timestamp                = {2017.03.21}
}

@Book{szabo,
  Title                    = {Modern Quantum Chemistry: Introduction to Advanced Electronic Structure Theory},
  Author                   = {A. Szabo and N. S. Ostlund},
  Publisher                = {Dover Books},
  Year                     = {1989},

  Owner                    = {ht375},
  Timestamp                = {2017.02.09}
}

@Article{thom-2009,
  Title                    = {{Hartree-Fock solutions as a quasidiabatic basis for nonorthogonal configuration interaction}},
  Author                   = {Alex J. W. Thom and Martin Head-Gordon},
  Journal                  = {J. Chem. Phys.},
  Year                     = {2009},
  Pages                    = {124113},
  Volume                   = {131},

  Owner                    = {ht375},
  Timestamp                = {2017.03.17}
}

@Article{scfmd,
  Title                    = {{Locating Multiple Self-Consistent Field Solutions: An Approach Inspired by Metadynamics}},
  Author                   = {Alex J. W. Thom and Martin Head-Gordon},
  Journal                  = {Phys. Rev. Lett.},
  Year                     = {2008},
  Pages                    = {193001},
  Volume                   = {101},

  Owner                    = {ht375},
  Timestamp                = {2017.03.17}
}

@Article{hackmeyer-1969,
  Title                    = {{Configuration Interaction Studies of Ground and Excited States of Polyatomic Molecules. I. The CI Formulation and Studies of Formaldehyde}},
  Author                   = {J. L Whitten and M. Hackmeyer},
  Journal                  = {J. Chem. Phys.},
  Year                     = {1969},
  Pages                    = {5584},
  Volume                   = {51},

  Owner                    = {ht375},
  Timestamp                = {2017.02.09}
}

@Book{wigner,
  Title                    = {Group Theory and Its Application to the Quantum Mechanics of Atomic Spectra},
  Author                   = {E. Wigner},
  Publisher                = {New York: Academic Press},
  Year                     = {1927},

  Owner                    = {ht375},
  Timestamp                = {2017.02.09}
}

@Article{zhao-2016-1,
  Title                    = {An efficient variational principle for the direct optimization of excited states},
  Author                   = {Luning Zhao and Eric Neuscamman},
  Journal                  = {J. Chem. Theory Comput.},
  Year                     = {2016},
  Pages                    = {3436},
  Volume                   = {12},

  Owner                    = {ht375},
  Timestamp                = {2017.03.08}
}

@Article{zhao-2016-2,
  Title                    = {Equation of motion theory for excited states in variational Monte Carlo and the Jastrow antisymmetric geminal power in Hilbert space},
  Author                   = {Luning Zhao and Eric Neuscamman},
  Journal                  = {J. Chem. Theory Comput.},
  Year                     = {2016},
  Pages                    = {3719},
  Volume                   = {12},

  Owner                    = {ht375},
  Timestamp                = {2017.03.08}
}

@Book{cccbdb,
  Title                    = {NIST Computational Chemistry Comparison and Benchark Database, NIST Standard Reference Database Number 101},
  Editor                   = {Russell D. Johnson III},
  Year                     = {2016},

  Address                  = {http://cccbdb.nist.gov/},
  Month                    = {October},

  Owner                    = {ht375},
  Timestamp                = {2017.02.10}
}

@Article{,
  Title                    = {Potential-energy surfaces for excited states in extended systems},

  Owner                    = {ht375},
  Timestamp                = {2017.03.08}
}

@Misc{openmp,
  Title                    = {OpenMP Application Program Interface, Version 4.5},
  Year                     = {2015},

  Owner                    = {ht375},
  Timestamp                = {2017.02.15},
  Url                      = {http://www.openmp.org}
}

